@book{Russell:2003:AIM:773294,
 author = {Russell, Stuart J. and Norvig, Peter},
 title = {Artificial Intelligence: A Modern Approach},
 year = {2003},
 isbn = {0137903952},
 edition = {2},
 publisher = {Pearson Education},
} 


@inproceedings{Papadimitriou:1990:CLS:100216.100274,
 author = {Papadimitriou, C. H. and Sch\"{a}ffer, A. A. and Yannakakis, M.},
 title = {On the Complexity of Local Search},
 booktitle = {Proceedings of the Twenty-second Annual ACM Symposium on Theory of Computing},
 series = {STOC '90},
 year = {1990},
 isbn = {0-89791-361-2},
 location = {Baltimore, Maryland, USA},
 pages = {438--445},
 numpages = {8},
 url = {http://doi.acm.org/10.1145/100216.100274},
 doi = {10.1145/100216.100274},
 acmid = {100274},
 publisher = {ACM},
 address = {New York, NY, USA},
} 

@article{doi:10.1287/opre.21.2.498,
author = {S. Lin and B. W. Kernighan},
title = {An Effective Heuristic Algorithm for the Traveling-Salesman Problem},
journal = {Operations Research},
volume = {21},
number = {2},
pages = {498-516},
year = {1973},
doi = {10.1287/opre.21.2.498},

URL = { 
        http://dx.doi.org/10.1287/opre.21.2.498
    
},
eprint = { 
        http://dx.doi.org/10.1287/opre.21.2.498
    
}
,

   
}
